<?xml version="1.0" encoding="UTF-8"?><collection xmlns="http://www.loc.gov/MARC21/slim"><record><leader>00522nam--2200193-u-4500</leader><controlfield tag="001">000054099</controlfield><controlfield tag="002">20161230</controlfield><controlfield tag="005">20161230201051</controlfield><controlfield tag="008">110802s1000------------r-----000-0-rus-d</controlfield><datafield ind1=" " ind2=" " tag="040"><subfield code="a">IFIN-HH</subfield></datafield><datafield ind1=" " ind2=" " tag="041"><subfield code="a">rus</subfield></datafield><datafield ind1=" " ind2=" " tag="080"><subfield code="a">537.311.33</subfield></datafield><datafield ind1="1" ind2=" " tag="100"><subfield code="a">Suntov, N.V</subfield></datafield><datafield ind1="1" ind2="0" tag="245"><subfield code="a">Tocecinie defekti i kacestvo poluprovodnikovih soedinenii</subfield><subfield code="c">N.v. suntov, a.g. miloslavskii</subfield></datafield><datafield ind1=" " ind2=" " tag="260"><subfield code="a">Kiev</subfield><subfield code="b">Sisha Shkola</subfield><subfield code="c">1980</subfield></datafield><datafield ind1=" " ind2=" " tag="300"><subfield code="a">119P</subfield></datafield><datafield ind1="1" ind2=" " tag="700"><subfield code="a">Miloslavskii, A.G</subfield></datafield><datafield ind1=" " ind2=" " tag="852"><subfield code="a">77558</subfield><subfield code="c">537.311.33</subfield></datafield><datafield ind1=" " ind2=" " tag="CAT"><subfield code="a">Sys</subfield><subfield code="c">20110802</subfield><subfield code="h">145557</subfield></datafield></record></collection>